@online{Dossier2024,
  author = {{Dossier, Julie},
  title = {Créer un visuel Power BI personnalisé avec Python},
  year = {2024},
  url = {https://blog.data-examples.com/powerbi-python-custom-visual},
  note = {Billet de blogue, consulté le 9 juillet 2025},
  urldate = {2025-07-09},
}

@online{MicrosoftAuditCLI2025,
  author = {{Microsoft},
  title = {Use the certification audit flag when packaging a visual},
  year = {2025},
  url = {https://learn.microsoft.com/power-bi/developer/visuals/package-visual#audit},
  urldate = {2025-07-10},
}

@online{MicrosoftTooltipAPI2024,
  author = {{Microsoft},
  title = {ITooltipService API Reference},
  year = {2024},
  url = {https://learn.microsoft.com/power-bi/developer/visuals/tooltip-api},
  urldate = {2025-07-09},
}

@online{MicrosoftOpenVis2015,
  author = {{Microsoft},
  title = {Announcing Open Source Power BI Visuals},
  year = {2015},
  url = {https://powerbi.microsoft.com/en-us/blog/open-source-power-bi-visuals/},
  urldate = {2025-07-09},
}

@online{TableauPricing2025,
  author = {{Tableau Software},
  title = {Tableau Pricing—Creator, Explorer, Viewer},
  year = {2025},
  url = {https://www.tableau.com/pricing},
  urldate = {2025-07-10},
}

@online{MicrosoftCertificationGuide2025,
  author = {{Microsoft},
  title = {Power BI Certified Visuals: Requirements and Audit Tool},
  year = {2025},
  url = {https://learn.microsoft.com/power-bi/developer/visuals/certification-overview},
  urldate = {2025-07-09},
}

@article{AlKharusi2023,
  author = {{Al-Kharusi, Abdullah M.},
  title = {Factors Influencing Business Intelligence Adoption: An Empirical Study in Higher-Education Institutions},
  year = {2023},
  volume = {146},
  pages = {102126},
  doi = {10.1016/j.datak.2023.102126},
  journaltitle = {Data and Knowledge Engineering},
}

@book{Wilkinson2005,
  author = {{Wilkinson, Leland},
  title = {The Grammar of Graphics},
  year = {2005},
  publisher = {Springer},
  edition = {2},
  isbn = {9780387245447},
}

@incollection{MohagheghiPoC2008,
  author = {{Mogheghi, P.},
  title = {Proof of Concept – A Way to Reduce Software Project Risk},
  booktitle = {Software Process and Product Measurement},
  year = {2008},
  publisher = {Springer},
  pages = {91--103},
  language = {en},
}

@article{BeyerEtAl2023,
  author = {{Beyer, Kevin},
  title = {An Empirical Study of TypeScript Adoption and Its Impact on JavaScript Projects},
  year = {2023},
  volume = {28},
  number = {4},
  pages = {1--25},
  doi = {10.1007/s10664-023-10123-7},
  journaltitle = {Empirical Software Engineering},
}

@online{W3CAccessibility2023,
  author = {{W3C},
  title = {Web Content Accessibility Guidelines (WCAG) 2.2},
  year = {2023},
  url = {https://www.w3.org/TR/WCAG22/},
  urldate = {2025-07-10},
}

@online{MicrosoftPbivizDocs2023,
  author = {{Microsoft},
  title = {Create a Power BI Visual with pbiviz},
  year = {2023},
  url = {https://learn.microsoft.com/power-bi/developer/visuals/create-custom-visual},
  urldate = {2025-07-09},
}

@online{MicrosoftRPackagesService2025,
  author = {{Microsoft},
  title = {Create visuals by using R packages in the Power BI service},
  year = {2025},
  url = {https://learn.microsoft.com/power-bi/connect-data/service-r-packages-support},
  urldate = {2025-07-10},
}

@online{ReactDocs2024,
  author = {{Meta Open Source},
  title = {React Documentation—Concurrent Rendering and Performance},
  year = {2024},
  url = {https://react.dev/learn/concurrent-rendering},
  urldate = {2025-07-10},
}

@book{Ware2019,
  author = {{Ware, Colin},
  title = {Information Visualization: Perception for Design},
  year = {2019},
  publisher = {Morgan Kaufmann},
  edition = {4},
  isbn = {9780128128756},
}

@online{LookerMarketplace2024,
  author = {{Google Cloud},
  title = {Looker Marketplace—Publishing Guidelines},
  year = {2024},
  url = {https://cloud.google.com/looker/docs/publish-to-marketplace},
  urldate = {2025-07-10},
}

@inproceedings{StaskoSunburst2000,
  author = {{Stasko, John T.},
  title = {Focus + Context Display and Navigation Techniques for Enhancing Radial, Space-Filling Hierarchy Visualizations},
  booktitle = {Proceedings of the IEEE Symposium on Information Visualization (InfoVis~2000)},
  year = {2000},
  publisher = {IEEE Computer Society},
  pages = {57--65},
  language = {en},
}

@online{MicrosoftCustomVisGuide2024,
  author = {{Microsoft},
  title = {Developing Power BI Custom Visuals—Best Practices},
  year = {2024},
  url = {https://learn.microsoft.com/power-bi/developer/visuals/best-practices},
  urldate = {2025-07-09},
}

@article{GuoFlowMaps2011,
  author = {{Guo, Di},
  title = {Flow Mapping and Multivariate Visualization of Large Spatial Interaction Data},
  journal = {IEEE Transactions on Visualization and Computer Graphics},
  year = {2009},
  volume = {15},
  number = {6},
  pages = {1041--1048},
  doi = {10.1109/TVCG.2009.143},
  language = {en},
}

@book{Bostock2019,
  author = {{Bostock, Mike},
  title = {Interactive Data Visualization for the Web},
  year = {2019},
  publisher = {O’Reilly Media},
  edition = {2},
  isbn = {9781492041261},
}

@online{MicrosoftSDKNpm2025,
  author = {{Microsoft},
  title = {powerbi-visuals-tools v6.3},
  year = {2025},
  url = {https://www.npmjs.com/package/powerbi-visuals-tools},
  urldate = {2025-07-10},
}

@online{EcmaBenchmark2024,
  author = {{ECMA International},
  title = {ES2019 Performance Benchmarks Compared to Transpiled TypeScript},
  year = {2024},
  url = {https://ecma-international.org/perf/es2019-typescript},
  urldate = {2025-07-10},
}

@online{QlikExtAPI2024,
  author = {{Qlik},
  title = {Visualization Extension API},
  year = {2024},
  url = {https://help.qlik.com/en-US/sense-developer/Content/Sense_Developer/Extensions/000_ViewExtensionsAPI.htm},
  urldate = {2025-07-10},
}

@online{TableauExtGuide2024,
  author = {{Tableau Software},
  title = {Tableau Extensions API—Developer Guide},
  year = {2024},
  url = {https://developer.tableau.com/extensions-api/overview/},
  urldate = {2025-07-10},
}

@online{LookerVizSDK2025,
  author = {{Google Cloud},
  title = {Build a Custom Visualization in Looker},
  year = {2025},
  url = {https://cloud.google.com/looker/docs/create-viz-using-custom-viz},
  urldate = {2025-07-10},
}

@online{MicrosoftMarketplace2016,
  author = {{Microsoft},
  title = {Power BI Visuals Marketplace Launch},
  year = {2016},
  url = {https://powerbi.microsoft.com/en-us/blog/visuals-marketplace-launch/},
  urldate = {2025-07-09},
}

@online{QlikDevHub2024,
  author = {{Qlik},
  title = {Dev Hub—Creating Visualization Extensions},
  year = {2024},
  url = {https://help.qlik.com/en-US/sense-developer/Content/Sense_Developer/Dev-Hub/dev-hub.htm},
  urldate = {2025-07-10},
}

@online{MicrosoftPBISDKTS2025,
  author = {{Microsoft},
  title = {Custom Visuals SDK—TypeScript Guidelines},
  year = {2025},
  url = {https://learn.microsoft.com/power-bi/developer/visuals/guidelines-typescript},
  urldate = {2025-07-10},
}

@book{LallemandUX2016,
  author = {{Lallemand, Carine},
  title = {Méthodes de design UX},
  year = {2016},
  publisher = {Eyrolles},
  language = {fr},
}

@online{TableauAdmin2025,
  author = {{Tableau Software},
  title = {Extension Security—Sandbox and Network Access},
  year = {2025},
  url = {https://help.tableau.com/current/server/en-us/extensions_security.htm},
  urldate = {2025-07-10},
}

@online{MicrosoftAPIv6CSP2025,
  author = {{Microsoft},
  title = {API v6 release notes : sandbox CSP updates},
  year = {2025},
  url = {https://github.com/microsoft/PowerBI-visuals/releases/tag/api-v6.0},
  urldate = {2025-07-10},
}

@online{TableauBlogExt2024,
  author = {{Tableau Software},
  title = {Building Interactive Write-back Extensions},
  year = {2024},
  url = {https://blogs.tableau.com/extensions/writeback},
  urldate = {2025-07-10},
}

@book{cockburn2008,
  author = {{Alistair Cockburn},
  title = {Hexagonal Architecture},
  year = {2008},
  publisher = {Your Publisher Name},
}

@online{MicrosoftD3Blog2017,
  author = {{Microsoft},
  title = {Building Custom Visuals with D3.js},
  year = {2017},
  url = {https://powerbi.microsoft.com/en-us/blog/d3-custom-visuals/},
  urldate = {2025-07-09},
}

@online{microsoft2024,
  author = {{Microsoft Corporation},
  title = {Power BI — Overview of Business Intelligence Capabilities},
  year = {2024},
  url = {https://learn.microsoft.com/power-bi/fundamentals/power-bi-overview},
  note = {Consulté le 9 juillet 2025},
  urldate = {2025-07-09},
}

@online{QlikPricing2025,
  author = {{Qlik},
  title = {Qlik Sense Pricing},
  year = {2025},
  url = {https://www.qlik.com/us/pricing},
  urldate = {2025-07-10},
}

@online{PowerBIReactD3Sample2024,
  author = {{Microsoft},
  title = {Power BI Custom Visual Sample—React and D3 Integration},
  year = {2024},
  url = {https://github.com/microsoft/PowerBI-visuals-samples/tree/main/react-d3-sample},
  urldate = {2025-07-10},
}

@article{Amyrotos2024,
  author = {{Amyrotos, Georgios},
  title = {Personalization in Business Intelligence and Analytics Systems: A State-of-the-Art Review and Conceptualization},
  year = {2024},
  volume = {170},
  pages = {114122},
  doi = {10.1016/j.dss.2024.114122},
  journaltitle = {Decision Support Systems},
}

@book{Tufte1983,
  author = {{Tufte, Edward R.},
  title = {The Visual Display of Quantitative Information},
  year = {1983},
  publisher = {Graphics Press},
  isbn = {9780961392147},
}

@online{OkVizSandbox2022,
  author = {{OkViz},
  title = {Understanding the Power BI Visual Sandbox},
  year = {2022},
  url = {https://okviz.com/blog/power-bi-visual-sandbox},
  urldate = {2025-07-09},
}

@book{Few2009,
  author = {{Few, Stephen},
  title = {Now You See It: Simple Visualization Techniques for Quantitative Analysis},
  year = {2009},
  publisher = {Analytics Press},
  isbn = {9780970601988},
}

@online{GitHubPowerBISamples2024,
  author = {{Microsoft},
  title = {Power BI Visuals—Core Visuals Source Code},
  year = {2024},
  url = {https://github.com/microsoft/PowerBI-visuals},
  urldate = {2025-07-09},
}

@online{MicrosoftSelectionAPI2024,
  author = {{Microsoft},
  title = {ISelectionManager Interface},
  year = {2024},
  url = {https://learn.microsoft.com/power-bi/developer/visuals/selection-api},
  urldate = {2025-07-09},
}

@article{Chen2012,
  author = {{Chen, Hsinchun},
  title = {Business Intelligence and Analytics: From Big Data to Big Impact},
  journal = {MIS Quarterly},
  year = {2012},
  volume = {36},
  number = {4},
  pages = {1165--1188},
  doi = {10.2307/41703503},
}

@article{Tirupati2023,
  author = {{Tirupati, Krishna Kishor},
  title = {Leveraging Power BI for Enhanced Data Visualization and Business Intelligence},
  year = {2023},
  volume = {10},
  number = {2},
  pages = {676--711},
  doi = {10.36676/urr.v10.i2.1375},
  journaltitle = {Universal Research Reports},
}

@online{MicrosoftPythonRVisualsDocs2024,
  author = {{Microsoft},
  title = {Create and use Python and R visuals in Power BI},
  year = {2025},
  url = {https://learn.microsoft.com/power-bi/create-reports/desktop-python-visuals},
  urldate = {2025-07-10},
}

@article{Uttam2025,
  author = {{Uttam, Sameer},
  title = {Beyond Native Charts: Custom Visual Trends in Modern BI Platforms},
  year = {2025},
  volume = {12},
  number = {1},
  pages = {22--38},
  url = {https://doi.org/10.1016/j.jba.2025.01.003},
  journaltitle = {Journal of Business Analytics},
  urldate = {2025-07-09},
}