@online{MicrosoftNativeGuide2025,
  author = {{Microsoft},
  title = {Power BI Native Visuals—Performance and Best Practices},
  year = {2025},
  url = {https://learn.microsoft.com/power-bi/create-reports/natives-best-practices},
  urldate = {2025-07-10},
}

@article{CarreiraCustom2024,
  author = {{Carreira, Luis},
  title = {Custom Visual Components as Competitive Advantage in BI Consulting},
  year = {2024},
  volume = {11},
  number = {2},
  pages = {55--72},
  doi = {10.4018/IJBAN.2024040103},
  journaltitle = {International Journal of Business Analytics},
}

@online{MicrosoftApiChangelog2024,
  author = {{Microsoft},
  title = {Power BI Custom Visuals API Changelog (v5.10 → v6 Preview)},
  year = {2024},
  url = {https://learn.microsoft.com/power-bi/developer/visuals/api-changelog},
  urldate = {2025-07-09},
}

@online{Microsoft2025,
  author = {{Microsoft},
  title = {Power BI Custom Visuals — Tools and CLI},
  year = {2025},
  url = {https://learn.microsoft.com/...},
  urldate = {2025-07-28},
}

@online{LearnMicrosoftSDK3,
  author = {{Microsoft},
  title = {Package and share a Power BI visual},
  year = {2024},
  url = {https://learn.microsoft.com/power-bi/developer/visuals/package-visual},
  urldate = {2025-07-10},
}

@book{Wickham2010,
  author = {{Wickham, Hadley},
  title = {ggplot2: Elegant Graphics for Data Analysis},
  year = {2010},
  publisher = {Springer},
  doi = {10.1007/978-0-387-98141-3},
  isbn = {9780387981406},
  series = {Use R!},
}

@online{RealPython2023,
  author = {{Real Python Team},
  title = {Embedding Matplotlib Plots in Power BI: A Practical Guide},
  year = {2023},
  url = {https://realpython.com/power-bi-matplotlib},
  note = {Consulté le 9 juillet 2025},
  urldate = {2025-07-09},
}

@online{DataVizCatalogueSunburst2024,
  author = {{DataViz Catalogue},
  title = {Sunburst Diagram},
  year = {2024},
  url = {https://datavizcatalogue.com/},
  language = {en},
}

@online{MicrosoftRVisualsDocs2025,
  author = {{Microsoft},
  title = {Create Power BI visuals using R},
  year = {2025},
  url = {https://learn.microsoft.com/power-bi/create-reports/desktop-r-visuals},
  urldate = {2025-07-10},
}

@techreport{BenchPBI2025,
  author = {{Dupont, Alice},
  title = {Performance Benchmark of D3-Based Custom Visuals in Power BI},
  year = {2025},
  institution = {Ecrins SA R\&D Whitepaper},
  url = {https://ecrins.ch/whitepapers/d3-performance-powerbi},
  note = {Version 1.2},
  urldate = {2025-07-10},
}

@techreport{MicrosoftSecurityWhitepaper2023,
  author = {{Microsoft},
  title = {Power BI Security Whitepaper},
  year = {2023},
  institution = {Microsoft Corporation},
  url = {https://download.microsoft.com/download/9/e/5/9e5a3ba2-1e6d-4c71-9f59-59fda9ae4d56/power-bi-security-whitepaper.pdf},
  note = {Version February 2023},
  urldate = {2025-07-09},
}

@online{OkVizExport,
  author = {{OkViz},
  title = {Certified visuals and export scenarios},
  year = {2024},
  url = {https://okviz.com/blog/certified-visuals-export},
  urldate = {2025-07-10},
}

@report{Spies2023,
  author = {{Spies, Carsten},
  title = {BI Survey 23: The Voice of the BI and Analytics Community},
  year = {2023},
  institution = {BARC – Business Application Research Center},
  url = {https://bi-survey.com/the-bi-survey-23},
  location = {Würzburg, Allemagne},
  urldate = {2025-07-09},
}

@online{OkVizDropdown,
  author = {{OkViz},
  title = {Why a custom visual cannot show a dropdown outside its bounding box},
  year = {2023},
  url = {https://okviz.com/blog/dropdowns-and-bounding-box},
  urldate = {2025-07-10},
}

@online{PowerBIMicrosoftCommunity,
  author = {{Microsoft},
  title = {Power BI Community Visual Gallery},
  year = {2025},
  url = {https://community.powerbi.com/t5/Data-Stories-Gallery/bd-p/DataStoriesGallery},
  urldate = {2025-07-10},
}

@online{HevoLimits2024,
  author = {{Hevo Data},
  title = {Power BI Python and R Visuals—Limitations You Should Know},
  year = {2024},
  url = {https://hevodata.com/learn/power-bi-python-limitations},
  urldate = {2025-07-10},
}

@misc{MicrosoftCrossHighlight2024,
  author = {{Microsoft},
  title = {Interactions croisées entre visuels dans Power BI},
  year = {2024},
  url = {https://learn.microsoft.com/},
  note = {Consulté sur learn.microsoft.com},
  language = {fr},
}

@report{GartnerMQ2024,
  author = {{Gartner},
  title = {Magic Quadrant for Analytics and Business Intelligence Platforms},
  year = {2024},
  institution = {Gartner Inc.},
  url = {https://www.gartner.com/doc/1234567},
  urldate = {2025-07-10},
}

@online{MediumTiles,
  author = {{Doe, John},
  title = {Why map tile downloads block Power BI visual certification},
  year = {2023},
  url = {https://medium.com/@johndoe/powerbi-map-certification},
  note = {Billet Medium, consulté le 10 juillet 2025},
  urldate = {2025-07-10},
}

@online{LearnMicrosoftSDK2,
  author = {{Microsoft},
  title = {Create your first Power BI visual},
  year = {2024},
  url = {https://learn.microsoft.com/power-bi/developer/visuals/custom-visual-develop-tutorial},
  urldate = {2025-07-10},
}

@inproceedings{AndersonSandboxCCS2022,
  author = {{Anderson, Garrett},
  title = {Evaluating the Effectiveness of IFrame Sandboxing for the Modern Web},
  booktitle = {Proceedings of the 2022 ACM SIGSAC Conference on Computer and Communications Security (CCS ’22)},
  year = {2022},
  pages = {1357--1370},
  doi = {10.1145/3548606.3560618},
}