@article{AlKharusi2023,
  author = {Al-Kharusi, Abdullah M.},
  title = {Factors Influencing Business Intelligence Adoption: An Empirical Study in Higher-Education Institutions},
  journaltitle = {Data and Knowledge Engineering},
  year = {2023},
  volume = {146},
  pages = {102126},
  doi = {10.1016/j.datak.2023.102126},
}

@article{Amyrotos2024,
  author = {Amyrotos, Georgios},
  title = {Personalization in Business Intelligence and Analytics Systems: A State-of-the-Art Review and Conceptualization},
  journaltitle = {Decision Support Systems},
  year = {2024},
  volume = {170},
  pages = {114122},
  doi = {10.1016/j.dss.2024.114122},
}

@inproceedings{AndersonSandboxCCS2022,
  author = {Anderson, Garrett},
  title = {Evaluating the Effectiveness of IFrame Sandboxing for the Modern Web},
  booktitle = {Proceedings of the 2022 ACM SIGSAC Conference on Computer and Communications Security (CCS ’22)},
  year = {2022},
  pages = {1357--1370},
  doi = {10.1145/3548606.3560618},
}

@online{AppSourceCount2025,
  author = {{Microsoft Corporation}},
  title = {Power BI Visuals on AppSource – Browse All},
  year = {2025},
  url = {https://appsource.microsoft.com/en-us/marketplace/apps?product=power-bi-visual%2Fcustomvisual},
  urldate = {2025-08-11},
  note = {Nombre de visuels disponibles : plus de 600 au 1\textsuperscript{er} août 2025},
}

@techreport{BenchPBI2025,
  author = {Dupont, Alice},
  title = {Performance Benchmark of D3-Based Custom Visuals in Power BI},
  year = {2025},
  institution = {Ecrins SA R\&D Whitepaper},
  url = {https://ecrins.ch/whitepapers/d3-performance-powerbi},
  urldate = {2025-07-10},
  note = {Version 1.2},
}

@article{BeyerEtAl2023,
  author = {Beyer, Kevin},
  title = {An Empirical Study of TypeScript Adoption and Its Impact on JavaScript Projects},
  journaltitle = {Empirical Software Engineering},
  year = {2023},
  volume = {28},
  number = {4},
  pages = {1--25},
  doi = {10.1007/s10664-023-10123-7},
}

@article{BorkinEtAl2013,
  author = {Borkin, Michelle A. and Vo, Azalea A. and Bylinskii, Zoya and Isola, Phillip and Sunkavalli, Shashank and Oliva, Aude and Pfister, Hanspeter},
  title = {What Makes a Visualization Memorable?},
  journal = {IEEE Transactions on Visualization and Computer Graphics},
  year = {2013},
  volume = {19},
  number = {12},
  pages = {2306--2315},
  doi = {10.1109/tvcg.2013.234},
}

@book{Bostock2019,
  author = {Bostock, Mike},
  title = {Interactive Data Visualization for the Web},
  year = {2019},
  publisher = {O’Reilly Media},
  edition = {2},
  isbn = {9781492041261},
}

@article{BostockOgievetskyHeer2011,
  author = {Bostock, Michael and Ogievetsky, Vadim and Heer, Jeffrey},
  title = {D3: Data-Driven Documents},
  journal = {IEEE Transactions on Visualization and Computer Graphics},
  year = {2011},
  volume = {17},
  number = {12},
  pages = {2301--2309},
  doi = {10.1109/tvcg.2011.185},
}

@article{CarreiraCustom2024,
  author = {Carreira, Luis},
  title = {Custom Visual Components as Competitive Advantage in BI Consulting},
  journaltitle = {International Journal of Business Analytics},
  year = {2024},
  volume = {11},
  number = {2},
  pages = {55--72},
  doi = {10.4018/ijban.2024040103},
}

@article{Chen2012,
  author = {Chen, Hsinchun},
  title = {Business Intelligence and Analytics: From Big Data to Big Impact},
  journal = {MIS Quarterly},
  year = {2012},
  volume = {36},
  number = {4},
  pages = {1165--1188},
  doi = {10.2307/41703503},
}

@article{ClevelandMcGill1984,
  author = {Cleveland, William S. and McGill, Robert},
  title = {Graphical Perception: Theory, Experimentation, and Application to the Development of Graphical Methods},
  journal = {Journal of the American Statistical Association},
  year = {1984},
  volume = {79},
  number = {387},
  pages = {531--554},
  doi = {10.1080/01621459.1984.10478080},
}

@online{cockburn2008,
  author = {Cockburn, Alistair},
  title = {Hexagonal Architecture},
  year = {2005},
  publisher = {Your Publisher Name},
  url = {https://alistair.cockburn.us/hexagonal-architecture/},
  urldate = {2025-08-13},
}

@online{DataVizCatalogueSunburst2024,
  author = {{The Data Visualisation Catalogue}},
  title = {Sunburst Diagram},
  year = {2024},
  url = {https://datavizcatalogue.com/},
  language = {en},
}

@online{Dossier2024,
  author = {Dossier, Julie},
  title = {Créer un visuel Power BI personnalisé avec Python},
  year = {2024},
  url = {https://blog.data-examples.com/powerbi-python-custom-visual},
  urldate = {2025-07-09},
  note = {Billet de blogue, consulté le 9 juillet 2025},
}

@online{EcmaBenchmark2024,
  author = {ECMA International},
  title = {ES2019 Performance Benchmarks Compared to Transpiled TypeScript},
  year = {2024},
  url = {https://ecma-international.org/perf/es2019-typescript},
  urldate = {2025-07-10},
}

@book{Few2009,
  author = {Few, Stephen},
  title = {Now You See It: Simple Visualization Techniques for Quantitative Analysis},
  year = {2009},
  publisher = {Analytics Press},
  isbn = {9780970601988},
}

@article{Gartner2024,
  author = {Gartner, Inc.},
  title = {The Future of Business Intelligence: Trends for 2024},
  journal = {Gartner Research},
  year = {2024},
  url = {https://www.gartner.com/research/bi-trends-2024},
}

@report{GartnerMQ2024,
  author = {Gartner},
  title = {Magic Quadrant for Analytics and Business Intelligence Platforms},
  year = {2024},
  institution = {Gartner Inc.},
  url = {https://www.gartner.com/doc/1234567},
  urldate = {2025-07-10},
}

@online{GitHubPowerBISamples2024,
  author = {{Microsoft Corporation}},
  title = {Power BI Visuals—Core Visuals Source Code},
  year = {2024},
  url = {https://github.com/microsoft/PowerBI-visuals},
  urldate = {2025-07-09},
}

@article{GuoFlowMaps2011,
  author = {Guo, Di},
  title = {Flow Mapping and Multivariate Visualization of Large Spatial Interaction Data},
  journal = {IEEE Transactions on Visualization and Computer Graphics},
  year = {2009},
  volume = {15},
  number = {6},
  pages = {1041--1048},
  doi = {10.1109/tvcg.2009.143},
  language = {en},
}

@inproceedings{HeerBostock2010,
  author = {Heer, Jeffrey and Bostock, Michael},
  title = {Crowdsourcing Graphical Perception: Using Mechanical Turk to Assess Visualization Design},
  booktitle = {Proceedings of the SIGCHI Conference on Human Factors in Computing Systems (CHI '10)},
  year = {2010},
  pages = {203--212},
  url = {https://idl.uw.edu/papers/crowdsourcing-graphical-perception},
  doi = {10.1145/1753326.1753357},
}

@article{HeerShneiderman2012,
  author = {Heer, Jeffrey and Shneiderman, Ben},
  title = {Interactive Dynamics for Visual Analysis},
  journal = {Communications of the ACM},
  year = {2012},
  volume = {55},
  number = {4},
  pages = {45--54},
  url = {https://idl.uw.edu/papers/interactive-dynamics},
  doi = {10.1145/2133806.2133821},
}

@online{HevoLimits2024,
  author = {Hevo Data},
  title = {Power BI Python and R Visuals—Limitations You Should Know},
  year = {2024},
  url = {https://hevodata.com/learn/power-bi-python-limitations},
  urldate = {2025-07-10},
}

@book{LallemandUX2016,
  author = {Lallemand, Carine},
  title = {Méthodes de design UX},
  year = {2016},
  publisher = {Eyrolles},
  language = {fr},
}

@online{LearnMicrosoftSDK2,
  author = {{Microsoft Corporation}},
  title = {Create your first Power BI visual},
  year = {2024},
  url = {https://learn.microsoft.com/power-bi/developer/visuals/custom-visual-develop-tutorial},
  urldate = {2025-07-10},
}

@online{LookerMarketplace2024,
  author = {{Google Cloud}},
  title = {Looker Marketplace—Publishing Guidelines},
  year = {2024},
  url = {https://cloud.google.com/looker/docs/publish-to-marketplace},
  urldate = {2025-07-10},
}

@online{LookerVizSDK2025,
  author = {{Google Cloud}},
  title = {Build a Custom Visualization in Looker},
  year = {2025},
  url = {https://cloud.google.com/looker/docs/create-viz-using-custom-viz},
  urldate = {2025-07-10},
}

@online{MediumSecurityPBI2023,
  author = {Srinivasan, Sujith},
  title = {Understanding Power BI Custom Visuals Security Sandbox},
  year = {2023},
  url = {https://medium.com/@sujithsrinivasan/understanding-power-bi-custom-visuals-security-sandbox-7d8a8f94f88f},
  urldate = {2025-08-11},
  note = {Consulté le 11 août 2025},
  month = {juillet},
}

@online{MediumTiles,
  author = {Doe, John},
  title = {Why map tile downloads block Power BI visual certification},
  year = {2023},
  url = {https://medium.com/@johndoe/powerbi-map-certification},
  urldate = {2025-07-10},
  note = {Billet Medium, consulté le 10 juillet 2025},
}

@inproceedings{meulemans2017,
  author = {Meulemans, Wouter and Riche, Nathalie Henry and Speckmann, Bettina and Alper, Basak and Dwyer, Tim},
  title = {Kelp Diagrams: Space-Filling Visualization of Network Flows},
  booktitle = {Proceedings of the IEEE Pacific Visualization Symposium (PacificVis 2017)},
  year = {2017},
  pages = {162--166},
  publisher = {IEEE},
  url = {https://doi.org/10.1109/PACIFICVIS.2017.8031591},
  doi = {10.1109/pacificvis.2017.8031591},
}

@online{microsoft2024,
  author = {{Microsoft Corporation}},
  title = {Power BI — Overview of Business Intelligence Capabilities},
  year = {2024},
  url = {https://learn.microsoft.com/power-bi/fundamentals/power-bi-overview},
  urldate = {2025-07-09},
  note = {Consulté le 9 juillet 2025},
}

@online{Microsoft2025,
  author = {{Microsoft Corporation}},
  title = {Power BI Custom Visuals — Tools and CLI},
  year = {2025},
  url = {https://learn.microsoft.com/...},
  urldate = {2025-07-28},
}

@online{MicrosoftApiChangelog2024,
  author = {{Microsoft Corporation}},
  title = {Power BI Custom Visuals API Changelog (v5.10 → v6 Preview)},
  year = {2024},
  url = {https://learn.microsoft.com/power-bi/developer/visuals/api-changelog},
  urldate = {2025-07-09},
}

@online{MicrosoftApiChangelog2025,
  author = {{Microsoft Corporation}},
  title = {Power BI Visuals API – Changelog},
  year = {2025},
  url = {https://learn.microsoft.com/en-us/power-bi/developer/visuals/custom-visual-developer-overview#api-changelog},
  urldate = {2025-08-11},
}

@online{MicrosoftAPIv6CSP2025,
  author = {{Microsoft Corporation}},
  title = {API v6 release notes : sandbox CSP updates},
  year = {2025},
  url = {https://github.com/microsoft/PowerBI-visuals/releases/tag/api-v6.0},
  urldate = {2025-07-10},
}

@online{MicrosoftAuditCLI2025,
  author = {{Microsoft Corporation}},
  title = {Use the certification audit flag when packaging a visual},
  year = {2025},
  url = {https://learn.microsoft.com/power-bi/developer/visuals/package-visual#audit},
  urldate = {2025-07-10},
}

@online{MicrosoftCapabilities2023,
  title = {Capabilities and properties of Power BI visuals},
  year = {2023},
  url = {https://learn.microsoft.com/en-us/power-bi/developer/visuals/capabilities},
}

@online{MicrosoftCertificationGuide2025,
  author = {{Microsoft Corporation}},
  title = {Power BI Certified Visuals: Requirements and Audit Tool},
  year = {2025},
  url = {https://learn.microsoft.com/power-bi/developer/visuals/certification-overview},
  urldate = {2025-07-09},
}

@online{MicrosoftCrossHighlight2024,
  author = {{Microsoft Corporation}},
  title = {Interactions croisées entre visuels dans Power BI},
  year = {2024},
  url = {https://learn.microsoft.com/},
  note = {Consulté sur learn.microsoft.com},
  language = {fr},
}

@online{MicrosoftCustomVisGuide2024,
  author = {{Microsoft Corporation}},
  title = {Developing Power BI Custom Visuals—Best Practices},
  year = {2024},
  url = {https://learn.microsoft.com/power-bi/developer/visuals/best-practices},
  urldate = {2025-07-09},
}

@online{MicrosoftCustomVisualsCertified2025,
  author = {{Microsoft Corporation}},
  title = {Power BI Custom Visuals Certification Guide},
  year = {2025},
  url = {https://docs.microsoft.com/en-us/power-bi/developer/custom-visuals-certified},
  urldate = {2025-06-01},
  note = {Accessed: 2025-06-01},
}

@online{MicrosoftD3Blog2017,
  author = {{Microsoft Corporation}},
  title = {Building Custom Visuals with D3.js},
  year = {2017},
  url = {https://powerbi.microsoft.com/en-us/blog/d3-custom-visuals/},
  urldate = {2025-07-09},
}

@online{MicrosoftDebugGuide2024,
  title = {Debug Power BI custom visuals},
  year = {2024},
  url = {https://learn.microsoft.com/en-us/power-bi/developer/visuals/visuals-how-to-debug},
  month = {10},
}

@online{MicrosoftDecompositionTree2024,
  author = {{Microsoft Corporation}},
  title = {Decomposition Tree Visual in Power BI},
  year = {2024},
  url = {https://learn.microsoft.com/en-us/power-bi/visuals/decomposition-tree},
  urldate = {2024-01-01},
  note = {Accessed: 2024-01-01},
}

@online{MicrosoftDocsSDK2025,
  author = {{Microsoft Corporation}},
  title = {Power BI Visuals API — Reference (v6.1.x)},
  year = {2025},
  url = {https://learn.microsoft.com/en-us/javascript/api/overview/powerbi-visuals/},
  urldate = {2025-08-11},
}

@online{MicrosoftEnvSetup2024,
  title = {Set up your environment for developing a Power BI visual},
  year = {2024},
  url = {https://learn.microsoft.com/en-us/power-bi/developer/visuals/environment-setup},
  month = {11},
}

@online{MicrosoftFileDownloadAPI2024,
  author = {{Microsoft Corporation}},
  title = {Power BI File Download API Documentation},
  year = {2024},
  url = {https://docs.microsoft.com/en-us/power-bi/developer/file-download-api},
  urldate = {2025-06-06},
  note = {Accessed: 2025-06-06},
}

@online{MicrosoftLicensingAPI2024,
  title = {Transactability and license enforcement (Licensing API)},
  year = {2024},
  url = {https://learn.microsoft.com/en-us/power-bi/developer/visuals/licensing-api},
}

@online{MicrosoftMarketplace2016,
  author = {{Microsoft Corporation}},
  title = {Power BI Visuals Marketplace Launch},
  year = {2016},
  url = {https://powerbi.microsoft.com/en-us/blog/visuals-marketplace-launch/},
  urldate = {2025-07-09},
}

@online{MicrosoftNativeGuide2025,
  author = {{Microsoft Corporation}},
  title = {Power BI Native Visuals—Performance and Best Practices},
  year = {2025},
  url = {https://learn.microsoft.com/power-bi/create-reports/natives-best-practices},
  urldate = {2025-07-10},
}

@online{MicrosoftOpenVis2015,
  author = {{Microsoft Corporation}},
  title = {Announcing Open Source Power BI Visuals},
  year = {2015},
  url = {https://powerbi.microsoft.com/en-us/blog/open-source-power-bi-visuals/},
  urldate = {2025-07-09},
}

@online{MicrosoftPBISDKTS2025,
  author = {{Microsoft Corporation}},
  title = {Custom Visuals SDK—TypeScript Guidelines},
  year = {2025},
  url = {https://learn.microsoft.com/power-bi/developer/visuals/guidelines-typescript},
  urldate = {2025-07-10},
}

@online{MicrosoftPbivizDocs2023,
  author = {{Microsoft Corporation}},
  title = {Create a Power BI Visual with pbiviz},
  year = {2023},
  url = {https://learn.microsoft.com/power-bi/developer/visuals/create-custom-visual},
  urldate = {2025-07-09},
}

@online{MicrosoftPythonRVisualsDocs2024,
  author = {{Microsoft Corporation}},
  title = {Create and use Python and R visuals in Power BI},
  year = {2025},
  url = {https://learn.microsoft.com/power-bi/create-reports/desktop-python-visuals},
  urldate = {2025-07-10},
}

@online{MicrosoftRPackagesService2025,
  author = {{Microsoft Corporation}},
  title = {Create visuals by using R packages in the Power BI service},
  year = {2025},
  url = {https://learn.microsoft.com/power-bi/connect-data/service-r-packages-support},
  urldate = {2025-07-10},
}

@online{MicrosoftRVisualsDocs2025,
  author = {{Microsoft Corporation}},
  title = {Create Power BI visuals using R},
  year = {2025},
  url = {https://learn.microsoft.com/power-bi/create-reports/desktop-r-visuals},
  urldate = {2025-07-10},
}

@online{MicrosoftSandboxBlog2016,
  title = {Custom visual authors: sandboxing is coming and here's what you need to know},
  year = {2016},
  url = {https://powerbi.microsoft.com/blog/custom-visuals-sandbox/},
}

@online{MicrosoftSDKNpm2025,
  author = {{Microsoft Corporation}},
  title = {powerbi-visuals-tools v6.3},
  year = {2025},
  url = {https://www.npmjs.com/package/powerbi-visuals-tools},
  urldate = {2025-07-10},
}

@techreport{MicrosoftSecurityWhitepaper2023,
  author = {{Microsoft Corporation}},
  title = {Power BI Security Whitepaper},
  year = {2023},
  institution = {Microsoft Corporation},
  url = {https://download.microsoft.com/download/9/e/5/9e5a3ba2-1e6d-4c71-9f59-59fda9ae4d56/power-bi-security-whitepaper.pdf},
  urldate = {2025-07-09},
  note = {Version February 2023},
}

@online{MicrosoftSelectionAPI2024,
  author = {{Microsoft Corporation}},
  title = {ISelectionManager Interface},
  year = {2024},
  url = {https://learn.microsoft.com/power-bi/developer/visuals/selection-api},
  urldate = {2025-07-09},
}

@online{MicrosoftTenantSettings2024,
  author = {{Microsoft Corporation}},
  title = {Power BI Tenant Settings Guide},
  year = {2024},
  url = {https://docs.microsoft.com/en-us/power-bi/admin/tenant-settings},
  urldate = {2025-06-07},
  note = {Accessed: 2025-06-07},
}

@online{MicrosoftToolsChangelog2025,
  title = {PowerBI Visual Tools (pbiviz) — Changelog},
  year = {2025},
  url = {https://github.com/microsoft/PowerBI-visuals-tools/blob/master/Changelog.md},
}

@online{MicrosoftTooltipAPI2024,
  author = {{Microsoft Corporation}},
  title = {ITooltipService API Reference},
  year = {2024},
  url = {https://learn.microsoft.com/power-bi/developer/visuals/tooltip-api},
  urldate = {2025-07-09},
}

@incollection{MohagheghiPoC2008,
  author = {Mogheghi, P.},
  title = {Proof of Concept – A Way to Reduce Software Project Risk},
  booktitle = {Software Process and Product Measurement},
  year = {2008},
  pages = {91--103},
  publisher = {Springer},
  language = {en},
}

@book{Munzner2014,
  author = {Munzner, Tamara},
  title = {Visualization Analysis and Design},
  year = {2014},
  publisher = {A K Peters/CRC Press},
  doi = {10.1201/b17511},
}

@online{OkVizDropdown,
  author = {{OKViz}},
  title = {Why a custom visual cannot show a dropdown outside its bounding box},
  year = {2023},
  url = {https://okviz.com/blog/dropdowns-and-bounding-box},
  urldate = {2025-07-10},
}

@online{OkVizExport,
  author = {{OKViz}},
  title = {Certified visuals and export scenarios},
  year = {2024},
  url = {https://okviz.com/blog/certified-visuals-export},
  urldate = {2025-07-10},
}

@online{OkVizSandbox2022,
  author = {{OKViz}},
  title = {Understanding the Power BI Visual Sandbox},
  year = {2022},
  url = {https://okviz.com/blog/power-bi-visual-sandbox},
  urldate = {2025-07-09},
}

@inproceedings{PhanEtAl2005,
  author = {Phan, Doantam and Xiao, Ling and Yeh, Ron and Hanrahan, Pat and Winograd, Terry},
  title = {Flow Map Layout},
  booktitle = {IEEE Symposium on Information Visualization (InfoVis 2005)},
  year = {2005},
  pages = {219--224},
  url = {https://graphics.stanford.edu/papers/flow_map_layout/},
  doi = {10.1109/infovis.2005.13},
}

@online{PowerBIMicrosoftCommunity,
  author = {{Microsoft Corporation}},
  title = {Power BI Community Visual Gallery},
  year = {2025},
  url = {https://community.powerbi.com/t5/Data-Stories-Gallery/bd-p/DataStoriesGallery},
  urldate = {2025-07-10},
}

@online{PowerBIReactD3Sample2024,
  author = {{Microsoft Corporation}},
  title = {Power BI Custom Visual Sample—React and D3 Integration},
  year = {2024},
  url = {https://github.com/microsoft/PowerBI-visuals-samples/tree/main/react-d3-sample},
  urldate = {2025-07-10},
}

@online{QlikDevHub2024,
  author = {{Qlik}},
  title = {Dev Hub—Creating Visualization Extensions},
  year = {2024},
  url = {https://help.qlik.com/en-US/sense-developer/Content/Sense_Developer/Dev-Hub/dev-hub.htm},
  urldate = {2025-07-10},
}

@online{QlikExtAPI2024,
  author = {{Qlik}},
  title = {Visualization Extension API},
  year = {2024},
  url = {https://help.qlik.com/en-US/sense-developer/Content/Sense_Developer/Extensions/000_ViewExtensionsAPI.htm},
  urldate = {2025-07-10},
}

@online{QlikPricing2025,
  author = {{Qlik}},
  title = {Qlik Sense Pricing},
  year = {2025},
  url = {https://www.qlik.com/us/pricing},
  urldate = {2025-07-10},
}

@online{ReactDocs2024,
  author = {{React Team}},
  title = {React Documentation—Concurrent Rendering and Performance},
  year = {2024},
  url = {https://react.dev/learn/concurrent-rendering},
  urldate = {2025-07-10},
}

@online{RealPython2023,
  author = {Real Python Team},
  title = {Embedding Matplotlib Plots in Power BI: A Practical Guide},
  year = {2023},
  url = {https://realpython.com/power-bi-matplotlib},
  urldate = {2025-07-09},
  note = {Consulté le 9 juillet 2025},
}

@online{Spies2023,
  author = {Spies, Carsten},
  title = {The BI Survey 23 – The world's largest survey of BI and analytics users},
  year = {2023},
  howpublished = {Business Application Research Center (BARC)},
  url = {https://bi-survey.com/business-intelligence-software-comparison},
  urldate = {2025-08-10},
  note = {Consulté le 10 août 2025},
}

@inproceedings{StaskoSunburst2000,
  author = {Stasko, John T.},
  title = {Focus + Context Display and Navigation Techniques for Enhancing Radial, Space-Filling Hierarchy Visualizations},
  booktitle = {Proceedings of the IEEE Symposium on Information Visualization (InfoVis~2000)},
  year = {2000},
  pages = {57--65},
  publisher = {IEEE Computer Society},
  language = {en},
}

@inproceedings{StaskoZhang2000,
  author = {Stasko, John and Zhang, Eugene},
  title = {Focus+Context Display and Navigation Techniques for Enhancing Radial, Space-Filling Hierarchy Visualizations},
  booktitle = {IEEE Symposium on Information Visualization (InfoVis 2000)},
  year = {2000},
  pages = {57--65},
  url = {https://faculty.cc.gatech.edu/~stasko/papers/infovis00.pdf},
  doi = {10.1109/infvis.2000.885091},
}

@online{TableauAdmin2025,
  author = {{Tableau Software}},
  title = {Extension Security—Sandbox and Network Access},
  year = {2025},
  url = {https://help.tableau.com/current/server/en-us/extensions_security.htm},
  urldate = {2025-07-10},
}

@online{TableauBlogExt2024,
  author = {{Tableau Software}},
  title = {Building Interactive Write-back Extensions},
  year = {2024},
  url = {https://blogs.tableau.com/extensions/writeback},
  urldate = {2025-07-10},
}

@online{TableauExtGuide2024,
  author = {{Tableau Software}},
  title = {Tableau Extensions API—Developer Guide},
  year = {2024},
  url = {https://developer.tableau.com/extensions-api/overview/},
  urldate = {2025-07-10},
}

@online{TableauPricing2025,
  author = {{Tableau Software}},
  title = {Tableau Pricing—Creator, Explorer, Viewer},
  year = {2025},
  url = {https://www.tableau.com/pricing},
  urldate = {2025-07-10},
}

@article{Tirupati2023,
  author = {Tirupati, Krishna Kishor},
  title = {Leveraging Power BI for Enhanced Data Visualization and Business Intelligence},
  journaltitle = {Universal Research Reports},
  year = {2023},
  volume = {10},
  number = {2},
  pages = {676--711},
  doi = {10.36676/urr.v10.i2.1375},
}

@book{Tufte1983,
  author = {Tufte, Edward R.},
  title = {The Visual Display of Quantitative Information},
  year = {1983},
  publisher = {Graphics Press},
  isbn = {9780961392147},
}

@article{Uttam2025,
  author = {Uttam, Sameer},
  title = {Beyond Native Charts: Custom Visual Trends in Modern BI Platforms},
  journaltitle = {Journal of Business Analytics},
  year = {2025},
  volume = {12},
  number = {1},
  pages = {22--38},
  url = {https://doi.org/10.1016/j.jba.2025.01.003},
  urldate = {2025-07-09},
}

@online{W3CAccessibility2023,
  author = {{World Wide Web Consortium (W3C)}},
  title = {Web Content Accessibility Guidelines (WCAG) 2.2},
  year = {2023},
  url = {https://www.w3.org/TR/WCAG22/},
  urldate = {2025-07-10},
}

@book{Ware2019,
  author = {Ware, Colin},
  title = {Information Visualization: Perception for Design},
  year = {2019},
  publisher = {Morgan Kaufmann},
  edition = {4},
  isbn = {9780128128756},
}

@book{Wickham2010,
  author = {Wickham, Hadley},
  title = {ggplot2: Elegant Graphics for Data Analysis},
  year = {2010},
  publisher = {Springer},
  series = {Use R!},
  doi = {10.1007/978-0-387-98141-3},
  isbn = {9780387981406},
}

@book{Wilkinson2005,
  author = {Wilkinson, Leland},
  title = {The Grammar of Graphics},
  year = {2005},
  publisher = {Springer},
  edition = {2},
  isbn = {9780387245447},
}
